<record><leader>00000cas a22000007a 4500</leader><controlfield tag="001">10961825</controlfield><controlfield tag="008">840718c19799999mduwr ne      0   a0eng d</controlfield><controlfield tag="009">467</controlfield><datafield ind1=" " ind2=" " tag="010"><subfield code="a">sn 84008869 </subfield></datafield><datafield ind1=" " ind2=" " tag="040"><subfield code="a">NSD</subfield><subfield code="b">eng</subfield><subfield code="c">NSD</subfield><subfield code="d">MFN</subfield><subfield code="d">OCLCQ</subfield></datafield><datafield ind1=" " ind2=" " tag="012"><subfield code="j">0</subfield><subfield code="l">1</subfield><subfield code="m">1</subfield></datafield><datafield ind1="1" ind2=" " tag="022"><subfield code="a">0748-5263</subfield><subfield code="l">0748-5263</subfield><subfield code="2">1</subfield></datafield><datafield ind1="1" ind2=" " tag="029"><subfield code="a">AU@</subfield><subfield code="b">000045278729</subfield></datafield><datafield ind1=" " ind2=" " tag="032"><subfield code="a">557180</subfield><subfield code="b">USPS</subfield></datafield><datafield ind1=" " ind2=" " tag="042"><subfield code="a">nsdp</subfield></datafield><datafield ind1=" " ind2="4" tag="050"><subfield code="a">AN41.121.C3</subfield><subfield code="b">T5</subfield></datafield><datafield ind1=" " ind2="0" tag="222"><subfield code="a">Catonsville times</subfield></datafield><datafield ind1="0" ind2="0" tag="245"><subfield code="a">Catonsville times.</subfield></datafield><datafield ind1=" " ind2=" " tag="260"><subfield code="a">Catonsville, Md. :</subfield><subfield code="b">Stromberg Publications, Inc.,</subfield></datafield><datafield ind1=" " ind2=" " tag="300"><subfield code="a">v.</subfield></datafield><datafield ind1=" " ind2=" " tag="310"><subfield code="a">Weekly</subfield></datafield><datafield ind1="0" ind2=" " tag="362"><subfield code="a">98th year, no. 51 (Sept. 12, 1979)-</subfield></datafield><datafield ind1=" " ind2=" " tag="500"><subfield code="a">Published at Columbia, Md., 1988-</subfield></datafield><datafield ind1=" " ind2=" " tag="752"><subfield code="a">United States</subfield><subfield code="b">Maryland</subfield><subfield code="c">Baltimore</subfield><subfield code="d">Catonsville.</subfield></datafield><datafield ind1=" " ind2=" " tag="752"><subfield code="a">United States</subfield><subfield code="b">Maryland</subfield><subfield code="c">Howard</subfield><subfield code="d">Columbia.</subfield></datafield><datafield ind1="0" ind2="0" tag="780"><subfield code="t">Catonsville times and herald argus-Baltimore countian</subfield><subfield code="w">(DLC)sn 88065133</subfield></datafield><datafield ind1=" " ind2=" " tag="936"><subfield code="a">July 3, 1984 (surrogate)</subfield></datafield></record>